<record><leader>00000cas a2200000 a 4500</leader><controlfield tag="001">15122512</controlfield><controlfield tag="008">870128d19041935kyuwr ne      0   a0eng c</controlfield><datafield ind1=" " ind2=" " tag="010"><subfield code="a">sn 87060032 </subfield></datafield><datafield ind1=" " ind2=" " tag="040"><subfield code="a">KNP</subfield><subfield code="b">eng</subfield><subfield code="c">KNP</subfield><subfield code="d">OCL</subfield><subfield code="d">OCLCQ</subfield><subfield code="d">DLC</subfield><subfield code="d">OCLCQ</subfield><subfield code="d">OCLCF</subfield><subfield code="d">OCLCO</subfield></datafield><datafield ind1=" " ind2=" " tag="019"><subfield code="a">994344392</subfield></datafield><datafield ind1="1" ind2=" " tag="022"><subfield code="a">1941-2924</subfield><subfield code="l">1941-2924</subfield><subfield code="2">1</subfield></datafield><datafield ind1="1" ind2=" " tag="029"><subfield code="a">AU@</subfield><subfield code="b">000020458923</subfield></datafield><datafield ind1="1" ind2=" " tag="029"><subfield code="a">NZ1</subfield><subfield code="b">16070511</subfield></datafield><datafield ind1=" " ind2=" " tag="042"><subfield code="a">pcc</subfield><subfield code="a">nsdp</subfield></datafield><datafield ind1=" " ind2=" " tag="043"><subfield code="a">n-us-ky</subfield></datafield><datafield ind1="0" ind2="0" tag="050"><subfield code="a">Newspaper</subfield></datafield><datafield ind1="0" ind2=" " tag="130"><subfield code="a">Mountain advocate (Barbourville, Ky. : 1904 : Weekly)</subfield></datafield><datafield ind1=" " ind2="0" tag="222"><subfield code="a">Mountain advocate</subfield><subfield code="b">(Barbourville, Ky. 1904. Weekly)</subfield></datafield><datafield ind1="1" ind2="0" tag="245"><subfield code="a">Mountain advocate.</subfield></datafield><datafield ind1=" " ind2=" " tag="260"><subfield code="a">Barbourville, Ky. :</subfield><subfield code="b">D. Will Clark,</subfield><subfield code="c">1904-1935.</subfield></datafield><datafield ind1=" " ind2=" " tag="300"><subfield code="a">v. :</subfield><subfield code="b">ill.</subfield></datafield><datafield ind1=" " ind2=" " tag="310"><subfield code="a">Weekly</subfield></datafield><datafield ind1="0" ind2=" " tag="362"><subfield code="a">Vol. 1, no. 1 (Feb. 19, 1904)-v. 32, no. 31 (May 31, 1935).</subfield></datafield><datafield ind1=" " ind2=" " tag="500"><subfield code="a">The official organ of the Republican Party in Knox County.</subfield></datafield><datafield ind1=" " ind2=" " tag="530"><subfield code="a">Archived issues are available in digital format as part of the Library of Congress Chronicling America online collection.</subfield></datafield><datafield ind1=" " ind2="0" tag="651"><subfield code="a">Barbourville (Ky.)</subfield><subfield code="v">Newspapers.</subfield></datafield><datafield ind1=" " ind2="0" tag="651"><subfield code="a">Knox County (Ky.)</subfield><subfield code="v">Newspapers.</subfield></datafield><datafield ind1=" " ind2="7" tag="655"><subfield code="a">Newspapers.</subfield><subfield code="2">fast</subfield><subfield code="0">(OCoLC)fst01423814</subfield></datafield><datafield ind1=" " ind2="7" tag="651"><subfield code="a">Kentucky</subfield><subfield code="z">Barbourville.</subfield><subfield code="2">fast</subfield><subfield code="0">(OCoLC)fst01207398</subfield></datafield><datafield ind1=" " ind2="7" tag="651"><subfield code="a">Kentucky</subfield><subfield code="z">Knox County.</subfield><subfield code="2">fast</subfield><subfield code="0">(OCoLC)fst01207494</subfield></datafield><datafield ind1=" " ind2=" " tag="752"><subfield code="a">United States</subfield><subfield code="b">Kentucky</subfield><subfield code="c">Knox</subfield><subfield code="d">Barbourville.</subfield></datafield><datafield ind1="0" ind2="0" tag="785"><subfield code="t">Barbourville mountain advocate</subfield><subfield code="w">(DLC)sn 87060033</subfield><subfield code="w">(OCoLC)15122929</subfield></datafield><datafield ind1="4" ind2="1" tag="856"><subfield code="u">http://www.loc.gov/chroniclingamerica/lccn/sn87060032/issues</subfield></datafield></record>